


@article{Haut2015,
  title={A high-order time-parallel scheme for solving wave propagation problems via the direct construction of an approximate time-evolution operator},
  author={Haut, TS and Babb, T and Martinsson, PG and Wingate, BA},
  journal={IMA Journal of Numerical Analysis},
  pages={688-716},
  volume={36},
  issue={2},
  year={2015},
  publisher={Oxford University Press}
}


@article{arakawa1977computational,
  title={{Computational design of the basic dynamical processes of the UCLA general circulation model}},
  author={Arakawa, Akio and Lamb, Vivian R},
  journal={Methods in computational physics},
  volume={17},
  pages={173--265},
  year={1977}
}

@misc{schreiber2016sweet_repository,
  author={Schreiber, Martin and Peixoto, Pedro and Schmitt, Andreas and others},
  title={{SWEET repository}},
  url = "https://github.com/schreiberx/sweet",
  year = {2016}
}

@misc{schreiber2016formulations_of_swe,
  author={Schreiber, Martin and Peixoto, Pedro},
  title={{Formulations of shallow-water equations}},
  url = "https://github.com/schreiberx/sweet/doc/formulations_of_the_swe",
  year = {2016}
}

